<?xml version="1.0" encoding="UTF-8"?><collection xmlns="http://www.loc.gov/MARC21/slim"><record><leader>00394nam--2200121-i-4500</leader><controlfield tag="001">000045239</controlfield><controlfield tag="002">20161230</controlfield><controlfield tag="005">20161230201044</controlfield><controlfield tag="008">060222s1000------------r-----000-0-eng-d</controlfield><datafield ind1=" " ind2=" " tag="245"><subfield code="a">Topics in inorganic and general chemistry. a collection of monographs. vol.7. the chemistry of selenium,tellurium and polonium</subfield></datafield><datafield ind1=" " ind2=" " tag="260"><subfield code="a">Amsterdam, Elsevier Publ. Col, 1966</subfield></datafield><datafield ind1=" " ind2=" " tag="700"><subfield code="a">Bagnall,K.W</subfield></datafield><datafield ind1=" " ind2=" " tag="852"><subfield code="a">21145</subfield></datafield></record></collection>